<record><leader>00000cas a22000007a 4500</leader><controlfield tag="001">16699612</controlfield><controlfield tag="008">870916d18731874utuwr ne      0    0eng d</controlfield><datafield ind1=" " ind2=" " tag="010"><subfield code="a">sn 87068156 </subfield></datafield><datafield ind1=" " ind2=" " tag="040"><subfield code="a">NJW</subfield><subfield code="b">eng</subfield><subfield code="c">NJW</subfield><subfield code="d">CNK</subfield><subfield code="d">OCLCQ</subfield></datafield><datafield ind1=" " ind2=" " tag="042"><subfield code="a">msc</subfield></datafield><datafield ind1="0" ind2="0" tag="245"><subfield code="a">Utah mining gazette.</subfield></datafield><datafield ind1="3" ind2="0" tag="246"><subfield code="a">Mining gazette Utah</subfield></datafield><datafield ind1=" " ind2=" " tag="260"><subfield code="a">Salt Lake City, Utah :</subfield><subfield code="b">[F.T. Perris, J. Salisbury, J. Isaac],</subfield><subfield code="c">1873-1874.</subfield></datafield><datafield ind1=" " ind2=" " tag="310"><subfield code="a">Weekly</subfield></datafield><datafield ind1="0" ind2=" " tag="362"><subfield code="a">Vol. 1, no. 1 (Aug. 30, 1873)-v. 1, no. 52 (Aug. 22, 1874).</subfield></datafield><datafield ind1=" " ind2=" " tag="500"><subfield code="a">"An illustrated journal devoted to the mining, commercial and other material interests of Utah."</subfield></datafield><datafield ind1=" " ind2=" " tag="500"><subfield code="a">The words "mining gazette" are superimposed over the word "Utah" in masthead.</subfield></datafield><datafield ind1=" " ind2=" " tag="752"><subfield code="a">United States</subfield><subfield code="b">Utah</subfield><subfield code="c">Salt Lake</subfield><subfield code="d">Salt Lake City.</subfield></datafield><datafield ind1="0" ind2="7" tag="785"><subfield code="t">Salt Lake tribune</subfield></datafield><datafield ind1="0" ind2="7" tag="785"><subfield code="t">Salt Lake tribune and Utah mining gazette</subfield></datafield></record>